<record><leader>00000cas a2200000 a 4500</leader><controlfield tag="001">35234777</controlfield><controlfield tag="007">hd afb---baca</controlfield><controlfield tag="007">hd bfb---baaa</controlfield><controlfield tag="007">hd afb---baba</controlfield><controlfield tag="008">960813d19531954cauwr nea     0    0eng c</controlfield><datafield ind1=" " ind2=" " tag="010"><subfield code="a">sn 96017217 </subfield></datafield><datafield ind1=" " ind2=" " tag="040"><subfield code="a">CLU</subfield><subfield code="b">eng</subfield><subfield code="c">CLU</subfield><subfield code="d">OCLCQ</subfield><subfield code="d">OCLCF</subfield><subfield code="d">OCLCO</subfield></datafield><datafield ind1=" " ind2=" " tag="012"><subfield code="i">9608</subfield></datafield><datafield ind1="1" ind2=" " tag="029"><subfield code="a">AU@</subfield><subfield code="b">000012698120</subfield></datafield><datafield ind1=" " ind2=" " tag="042"><subfield code="a">pcc</subfield></datafield><datafield ind1=" " ind2=" " tag="043"><subfield code="a">n-us-ca</subfield></datafield><datafield ind1="0" ind2=" " tag="130"><subfield code="a">Press (Westwood, Los Angeles, Calif.)</subfield></datafield><datafield ind1="1" ind2="4" tag="245"><subfield code="a">The press</subfield><subfield code="h">[microform].</subfield></datafield><datafield ind1=" " ind2=" " tag="260"><subfield code="a">Westwood Hills, Los Angeles, Calif. :</subfield><subfield code="b">West Los Angeles Independent Pub. Co.,</subfield><subfield code="c">1953-1954.</subfield></datafield><datafield ind1=" " ind2=" " tag="300"><subfield code="a">2 v. :</subfield><subfield code="b">ill.</subfield></datafield><datafield ind1=" " ind2=" " tag="310"><subfield code="a">Weekly</subfield></datafield><datafield ind1="0" ind2=" " tag="362"><subfield code="a">Vol. 27, no. 11 (June 18, 1953)-v. 28, no. 17 (Aug. 19, 1954).</subfield></datafield><datafield ind1=" " ind2=" " tag="500"><subfield code="a">Microfilm master negative held by: UCLA (CLU).</subfield></datafield><datafield ind1=" " ind2=" " tag="533"><subfield code="a">Microfilm.</subfield><subfield code="m">v. 27, no. 40 (Jan. 7, 1954)-v. 28, no. 17 (Aug. 19, 1954)</subfield><subfield code="b">Los Angeles, CA :</subfield><subfield code="c">University of California, Reprographic Service,</subfield><subfield code="d">1990.</subfield><subfield code="e">microfilm reels ; 35 mm.</subfield></datafield><datafield ind1=" " ind2=" " tag="539"><subfield code="a">d</subfield><subfield code="b">1954</subfield><subfield code="c">1954</subfield><subfield code="d">cau</subfield><subfield code="e">u</subfield><subfield code="f">u</subfield><subfield code="g">a</subfield></datafield><datafield ind1=" " ind2="0" tag="651"><subfield code="a">Westwood (Los Angeles, Calif.)</subfield><subfield code="v">Newspapers.</subfield></datafield><datafield ind1=" " ind2="7" tag="655"><subfield code="a">Newspapers.</subfield><subfield code="2">fast</subfield><subfield code="0">(OCoLC)fst01423814</subfield></datafield><datafield ind1=" " ind2="7" tag="651"><subfield code="a">California</subfield><subfield code="z">Los Angeles</subfield><subfield code="z">Westwood.</subfield><subfield code="2">fast</subfield><subfield code="0">(OCoLC)fst01317980</subfield></datafield><datafield ind1=" " ind2=" " tag="752"><subfield code="a">United States</subfield><subfield code="b">California</subfield><subfield code="c">Los Angeles</subfield><subfield code="d">Los Angeles.</subfield></datafield><datafield ind1="0" ind2="0" tag="780"><subfield code="t">Westwood Hills press (Westwood, Los Angeles, Calif. : 1941)</subfield></datafield><datafield ind1="0" ind2="0" tag="785"><subfield code="t">Westwood Hills press (Los Angeles, Calif. : 1954)</subfield><subfield code="w">(DLC)sn 96017218</subfield><subfield code="w">(OCoLC)35234774</subfield></datafield><datafield ind1=" " ind2=" " tag="850"><subfield code="a">CLU</subfield><subfield code="a">CLU (Master)</subfield></datafield></record>